@Book{searle2006a,
  title = {Matrix {{Algebra Useful}} for {{Statistics}}},
  publisher = {{John Wiley \& Sons Inc}},
  author = {Shayle Roy Searle},
  year = {2006},
  file = {/Users/emi/Zotero/storage/F2JA4YH8/Searle - 2006 - Matrix Algebra Useful for Statistics.pdf},
}
